@article{weihaitao2010,
    title={面向多核处理器的数据流程序编译关键技术研究},
    author={魏海涛},
    key={Wei Hai Tao},
    year={2010}
}

@article{张维维2013COStream,
title={COStream:一种面向数据流的编程语言和编译器实现},
author={张维维 and 魏海涛 and 于俊清 and 李鹤 and 黎昊 and 杨秋吉},
journal={计算机学报},
volume={36},
number={10},
pages={1993-2006},
year={2013},
}

@article{WeiStreamTMC,
title={StreamTMC: Stream compilation for tiled multi-core architectures},
author={Wei, Haitao and Qin, Mingkang and Zhang, Weiwei and Yu, Junqing and Fan, Dongrui and Gao, Guang R.},
journal={Journal of Parallel \& Distributed Computing},
volume={73},
number={4},
pages={484-494},
}

@article{WeiSoftware,
title={Software Pipelining for Stream Programs on Resource Constrained Multicore Architectures},
author={Wei, Haitao and Yu, Junqing and Yu, Huafei and Qin, Mingkang and Gao, Guang R.},
journal={IEEE Transactions on Parallel \& Distributed Systems},
volume={23},
number={12},
pages={2338-2350},
}

@inproceedings{Wei2010Minimizing,
title={Minimizing communication in rate-optimal software pipelining for stream programs},
author={Wei, Haitao and Yu, Junqing and Yu, Huafei and Gao, Guang R.},
booktitle={Proceedings of the CGO 2010, The 8th International Symposium on Code Generation and Optimization, Toronto, Ontario, Canada, April 24-28, 2010},
year={2010},
}

@article{weiCompile,
title={一种面向众核架构的数据流编译框架},
author={魏海涛 and 秦明康 and 于俊清 and 范东睿},
journal={计算机学报},
number={07},
pages={128-137},
}

@article{于俊清多核环境下编译器辅助消息驱动的动态调度,
title={多核环境下编译器辅助消息驱动的动态调度},
author={于俊清 and 余华飞 and 魏海涛 and 秦明康},
journal={计算机学报},
number={7},
pages={201-205},
}

@phdthesis{张维维2014面向多核集群的数据流程序层次流水线并行优化方法研究,
title={面向多核集群的数据流程序层次流水线并行优化方法研究},
author={张维维},
school={华中科技大学},
year={2014},
}

@article{魏海涛一种面向数据流程序的软件流水并行化方法,
title={一种面向数据流程序的软件流水并行化方法},
author={魏海涛 and 于俊清 and 余华飞 and 秦明康},
journal={计算机学报},
number={5},
pages={131-140},
}

@article{陈文斌基于,
title={基于GPU/CPU混合架构的流程序多粒度划分与调度方法研究},
author={陈文斌 and 杨瑞瑞 and 于俊清},
journal={计算机工程与科学},
number={1},
pages={15-26,共12页},
year={2017},
}

@article{杨胜哲数据流程序动态调度与优化方法研究,
title={数据流程序动态调度与优化方法研究},
author={杨胜哲 and 于俊清 and 唐九飞},
journal={计算机工程与科学},
number={7},
pages={1201-1210},
year={2017},
}

@article{唐九飞面向,
title={面向X86多核处理器的数据流程序任务调度与缓存优化},
author={唐九飞,李鹤,于俊清},
journal={中国科学技术大学学报},
number={3期},
pages={200-207},
}

@article{wangzhaoji,
    title={利用 COStream 实现全连接和卷积神经网络的并行计算},
    author={王兆吉},
    year={2019}
}

@Book{adams, 
    title  = {Deep learning}, 
    author = {Ian Goodfellow and Yoshua Bengio and Aaron Courville}, 
    publisher = {MIT press}, 
    year  = {2016}, 
} 